@online{geeksforgeeks_fourier,
  author       = {{GeeksforGeeks}},
  title        = {Fourier Transform},
  year         = {2024},
  url          = {https://www.geeksforgeeks.org/maths/fourier-transform/},
  note         = {Besøkt: 23.10.2025}
}

@online{sevennationarmywiki,
  author    = {{Wikipedia contributors}},
  title     = {Seven Nation Army --- Wikipedia{,} The Free Encyclopedia},
  year      = {2025},
  url       = {https://en.wikipedia.org/wiki/Seven_Nation_Army},
  note      = {Besøkt: 23.10.2025}
}

@online{holden_wavelets,
  author    = {Helge Holden},
  title     = {Wavelets},
  year      = {2025},
  url       = {https://snl.no/wavelets},
  note      = {Store norske leksikon. Sist hentet 26.10.2025},
}

@techreport{solomon_psd_welch_1991,
  author      = {Otis M. Solomon, Jr.},
  title       = {PSD Computations Using Welch's Method},
  institution = {Sandia National Laboratories},
  year        = {1991},
  url         = {https://www.osti.gov/servlets/purl/5688766},
  note        = {Sist hentet 26.10.2025},
}

@techreport{mcfadden_intro_wigner-ville_1990,
  author      = {P. McFadden},
  title       = {Introduction to the Wigner-Ville Distribution},
  institution = {University of Oxford, Department of Engineering Science},
  year        = {1990},
  url         = {https://ora.ox.ac.uk/objects/uuid:f9025874-c208-4984-8935-cb3801b8a04a/files/mc84af3197d8afb1e47209fb8717c4752},
  note        = {Oxford University Research Archive (ORA)},
}

@article{harris_windows_1978,
  author    = {Fredric J. Harris},
  title     = {On the Use of Windows for Harmonic Analysis with the Discrete Fourier Transform},
  journal   = {Proceedings of the IEEE},
  volume    = {66},
  number    = {1},
  pages     = {51--83},
  year      = {1978}
}

@misc{fft_video_analyse,
	author	= {Tømt, H},
	title	= {Video for FFT analyse av Seven Nation Army},
	year	= {2025},
	url		= {https://raw.githubusercontent.com/tverbergmorten/MM2-Prosjekt-2/figurer/sevenNationArmyFFT.mp4}
}